<collection xmlns="http://www.loc.gov/MARC21/slim">
<record>
  <leader>01946nam0a2200373 i 450 </leader>
  <controlfield tag="001">IT\ICCU\CNCE\049913</controlfield>
  <controlfield tag="005">20100128000000.0</controlfield>
  <datafield tag="012" ind1=" " ind2=" ">
    <subfield code="a">ril. gai- niar anti (C) 1512 (R)</subfield>
    <subfield code="2">fei</subfield>
  </datafield>
  <datafield tag="100" ind1=" " ind2=" ">
    <subfield code="a">19991201d1512        0itac0103    ba</subfield>
  </datafield>
  <datafield tag="101" ind1=" " ind2=" ">
    <subfield code="a">ITA</subfield>
  </datafield>
  <datafield tag="102" ind1=" " ind2=" ">
    <subfield code="a">IT</subfield>
  </datafield>
  <datafield tag="200" ind1="1" ind2=" ">
    <subfield code="a">Paesi nouamente retrouati et nouo mondo da Alberico Vesputio florentino intitulato</subfield>
  </datafield>
  <datafield tag="210" ind1=" " ind2=" ">
    <subfield code="e">Stampato in Milano</subfield>
    <subfield code="g">con la impensa de Io. Iacobo &amp; fratelli da Lignano</subfield>
    <subfield code="g">&amp; diligente cura &amp; industria de Ioanne Angelo Scinzenzeler</subfield>
    <subfield code="h">nel 1512 a di XXVII de mazo</subfield>
  </datafield>
  <datafield tag="215" ind1=" " ind2=" ">
    <subfield code="a">\76! c.</subfield>
    <subfield code="c">ill.</subfield>
    <subfield code="d">4ʻ</subfield>
  </datafield>
  <datafield tag="300" ind1=" " ind2=" ">
    <subfield code="a">Relazione di viaggi di Da Mosto, Colombo ed altri, curata da Fracanzio  da Montalboddo</subfield>
  </datafield>
  <datafield tag="620" ind1=" " ind2=" ">
    <subfield code="a">IT</subfield>
    <subfield code="d">Milano</subfield>
  </datafield>
  <datafield tag="702" ind1=" " ind2="1">
    <subfield code="a">Colombo,</subfield>
    <subfield code="b">Cristoforo</subfield>
    <subfield code="3">IT\ICCU\CNCA\003778</subfield>
  </datafield>
  <datafield tag="702" ind1=" " ind2="1">
    <subfield code="a">Da_Mosto,</subfield>
    <subfield code="b">Alvise</subfield>
    <subfield code="3">IT\ICCU\CNCA\007516</subfield>
  </datafield>
  <datafield tag="702" ind1=" " ind2="0">
    <subfield code="a">Fracanzio</subfield>
    <subfield code="c"> : da#Montalboddo</subfield>
    <subfield code="3">IT\ICCU\CNCA\011409</subfield>
  </datafield>
  <datafield tag="702" ind1=" " ind2="1">
    <subfield code="a">Vespucci,</subfield>
    <subfield code="b">Amerigo</subfield>
    <subfield code="3">IT\ICCU\CNCA\016221</subfield>
  </datafield>
  <datafield tag="712" ind1="0" ind2="0">
    <subfield code="a">Da_Legnano, Giovanni Giacomo &amp; fratelli</subfield>
    <subfield code="3">IT\ICCU\CNCT\001554</subfield>
    <subfield code="4">650</subfield>
  </datafield>
  <datafield tag="712" ind1="0" ind2="0">
    <subfield code="a">Scinzenzeler, Giovanni Angelo</subfield>
    <subfield code="3">IT\ICCU\CNCT\000084</subfield>
    <subfield code="4">650</subfield>
  </datafield>
  <datafield tag="790" ind1=" " ind2="1">
    <subfield code="a">Cadamosto,</subfield>
    <subfield code="b">Alvise</subfield>
    <subfield code="3">IT\ICCU\CNCA\015750</subfield>
    <subfield code="z">Da_Mosto, Alvise</subfield>
  </datafield>
  <datafield tag="790" ind1=" " ind2="1">
    <subfield code="a">Mosto,</subfield>
    <subfield code="b">Alvise : da</subfield>
    <subfield code="3">IT\ICCU\CNCA\015751</subfield>
    <subfield code="z">Da_Mosto, Alvise</subfield>
  </datafield>
  <datafield tag="790" ind1=" " ind2="1">
    <subfield code="a">Montalboddo,</subfield>
    <subfield code="b">Fracanzano : da</subfield>
    <subfield code="3">IT\ICCU\CNCA\014673</subfield>
    <subfield code="z">Fracanzio : da#Montalboddo</subfield>
  </datafield>
  <datafield tag="790" ind1=" " ind2="1">
    <subfield code="a">Vespuccius,</subfield>
    <subfield code="b">Amerigus</subfield>
    <subfield code="3">IT\ICCU\CNCA\025665</subfield>
    <subfield code="z">Vespucci, Amerigo</subfield>
  </datafield>
  <datafield tag="790" ind1=" " ind2="1">
    <subfield code="a">Vesputio,</subfield>
    <subfield code="b">Alberico</subfield>
    <subfield code="3">IT\ICCU\CNCA\025685</subfield>
    <subfield code="z">Vespucci, Amerigo</subfield>
  </datafield>
  <datafield tag="791" ind1="0" ind2="0">
    <subfield code="a">Schinzenzeler, Giovanni Angelo</subfield>
    <subfield code="3">IT\ICCU\CNCT\005621</subfield>
    <subfield code="z">Scinzenzeler, Giovanni Angelo</subfield>
  </datafield>
  <datafield tag="801" ind1=" " ind2="3">
    <subfield code="a">IT</subfield>
    <subfield code="b">ICCU</subfield>
    <subfield code="c">20201115</subfield>
  </datafield>
  <datafield tag="899" ind1=" " ind2=" ">
    <subfield code="a">Biblioteca Ambrosiana. Milano</subfield>
    <subfield code="1">MI0133</subfield>
    <subfield code="2">VBA 01</subfield>
  </datafield>
  <datafield tag="899" ind1=" " ind2=" ">
    <subfield code="a">Biblioteca nazionale Braidense. Milano</subfield>
    <subfield code="z">MUTILO</subfield>
    <subfield code="1">MI0185</subfield>
    <subfield code="2">MIL NB</subfield>
  </datafield>
  <datafield tag="899" ind1=" " ind2=" ">
    <subfield code="a">Archivio storico civico e Biblioteca Trivulziana. Milano</subfield>
    <subfield code="1">MI0327</subfield>
    <subfield code="2">LO1 13</subfield>
  </datafield>
  <datafield tag="899" ind1=" " ind2=" ">
    <subfield code="a">Biblioteca nazionale universitaria. Torino</subfield>
    <subfield code="1">TO0265</subfield>
    <subfield code="2">TO0 02</subfield>
  </datafield>
  <datafield tag="899" ind1=" " ind2=" ">
    <subfield code="a">British Library. London</subfield>
    <subfield code="1">UK0001</subfield>
  </datafield>
</record>
</collection>
